<record><leader>00000cas a22000007a 4500</leader><controlfield tag="001">9596355</controlfield><controlfield tag="008">830610d19151915ksudr ne      0    0eng d</controlfield><datafield ind1=" " ind2=" " tag="010"><subfield code="a">sn 83040196 </subfield></datafield><datafield ind1=" " ind2=" " tag="040"><subfield code="a">KSH</subfield><subfield code="b">eng</subfield><subfield code="c">KSH</subfield><subfield code="d">NPT</subfield><subfield code="d">DLC</subfield><subfield code="d">NPT</subfield><subfield code="d">OCLCQ</subfield><subfield code="d">DLC</subfield><subfield code="d">OCLCF</subfield></datafield><datafield ind1="1" ind2=" " tag="029"><subfield code="a">AU@</subfield><subfield code="b">000025791895</subfield></datafield><datafield ind1=" " ind2=" " tag="042"><subfield code="a">msc</subfield></datafield><datafield ind1=" " ind2=" " tag="043"><subfield code="a">n-us-ks</subfield></datafield><datafield ind1="0" ind2="4" tag="245"><subfield code="a">The Daily Barton County democrat.</subfield></datafield><datafield ind1="1" ind2="7" tag="246"><subfield code="a">Barton County daily democrat</subfield><subfield code="f">March 13, 1915-July13, 1915</subfield></datafield><datafield ind1=" " ind2=" " tag="260"><subfield code="a">Great Bend, Kan. :</subfield><subfield code="b">John K. McMullen,</subfield><subfield code="c">1915.</subfield></datafield><datafield ind1=" " ind2=" " tag="300"><subfield code="a">2 v. :</subfield><subfield code="b">ill. (chiefly advertisements)</subfield></datafield><datafield ind1=" " ind2=" " tag="310"><subfield code="a">Daily</subfield></datafield><datafield ind1="0" ind2=" " tag="362"><subfield code="a">Vol. 31, no. 50 (Feb. 15, 1915)-v. 32, no. 21 (July 13, 1915).</subfield></datafield><datafield ind1=" " ind2=" " tag="500"><subfield code="a">Editor: John K. McMullen.</subfield></datafield><datafield ind1=" " ind2=" " tag="515"><subfield code="a">Issues for July 9, 10, 12 and 13, 1915 misnumbered vol. 30, no. 21.</subfield></datafield><datafield ind1=" " ind2=" " tag="530"><subfield code="a">Also issued on microfilm;</subfield><subfield code="b">Kansas State Historical Society Microfilm Lab, 6425 SW 6th Ave., Topeka, KS 66615;</subfield><subfield code="d">lab nos. 3678-3679.</subfield></datafield><datafield ind1=" " ind2="0" tag="651"><subfield code="a">Great Bend (Kan.)</subfield><subfield code="v">Newspapers.</subfield></datafield><datafield ind1=" " ind2="7" tag="655"><subfield code="a">Newspapers.</subfield><subfield code="2">fast</subfield><subfield code="0">(OCoLC)fst01423814</subfield></datafield><datafield ind1=" " ind2="7" tag="651"><subfield code="a">Kansas</subfield><subfield code="z">Great Bend.</subfield><subfield code="2">fast</subfield><subfield code="0">(OCoLC)fst01219137</subfield></datafield><datafield ind1="1" ind2=" " tag="700"><subfield code="a">McMullen, John K.</subfield><subfield code="q">(John Knox)</subfield></datafield><datafield ind1=" " ind2=" " tag="752"><subfield code="a">United States</subfield><subfield code="b">Kansas</subfield><subfield code="c">Barton</subfield><subfield code="d">Great Bend.</subfield></datafield><datafield ind1="0" ind2="0" tag="780"><subfield code="t">Barton County democrat (Great Bend, Kan. : 1885)</subfield><subfield code="x">2332-4589</subfield><subfield code="w">(DLC)sn 83040198</subfield><subfield code="w">(OCoLC)9673786</subfield></datafield><datafield ind1="0" ind2="8" tag="785"><subfield code="t">Barton County democrat (Great Bend, Kan. : 1915)</subfield><subfield code="w">(DLC)sn 83040170</subfield></datafield></record>